<?xml version="1.0" encoding="UTF-8"?><collection xmlns="http://www.loc.gov/MARC21/slim"><record><leader>00495nam--2200169-i-4500</leader><controlfield tag="001">000048100</controlfield><controlfield tag="002">20161230</controlfield><controlfield tag="005">20161230201046</controlfield><controlfield tag="008">060222s1000------------r-----000-0-eng-d</controlfield><datafield ind1=" " ind2=" " tag="040"><subfield code="a">IFIN-HH</subfield></datafield><datafield ind1=" " ind2=" " tag="080"><subfield code="a">539.186</subfield></datafield><datafield ind1="1" ind2=" " tag="100"><subfield code="a">Zundel, Georg</subfield></datafield><datafield ind1="1" ind2="0" tag="245"><subfield code="a">Hydration and intermolecular interaction</subfield><subfield code="b">Infrared investigations eith polyelectrolyte membranes</subfield><subfield code="c">Georg zundel</subfield></datafield><datafield ind1=" " ind2=" " tag="260"><subfield code="a">New York</subfield><subfield code="b">Academic Press</subfield><subfield code="c">1969</subfield></datafield><datafield ind1=" " ind2=" " tag="300"><subfield code="a">XI + 310P</subfield></datafield><datafield ind1=" " ind2=" " tag="852"><subfield code="a">32717</subfield><subfield code="c">539.18</subfield></datafield><datafield ind1=" " ind2=" " tag="CAT"><subfield code="a">Sys</subfield><subfield code="c">20120702</subfield><subfield code="h">130345</subfield></datafield></record></collection>